@misc{example,
    author      = "Matthew Ricci",
    title       = "How to Tame an Avionics Engineer.",
    url         = "https://silkroad.market",
    note        = "{Enguhneering-Blog.} Accessed: Dec. 10, 2024."
}

@misc{example2,
    author      = "Brodie Alexander",
    title       = "How Not to Land a Rocket.",
    url         = "https://whitecliffs.gg",
    note        = "{RIP Omega.} Accessed: Aug. 24, 2024."
}

@article{example3,
  author   = "Hugo Begg",
  title    = "Leaving Team Chats",
  journal  = "Journal of Absolute Bozos",
  month    = 1,
  year     = 1970,
  volume   = "10",
  number   = "4",
  pages    = "1111--2222",
}